%% This BibTeX bibliography file was created using BibDesk.
%% http://bibdesk.sourceforge.net/


%% Created for Xavier Go√°s Aguililla at 2012-08-18 23:19:41 +0200 


%% Saved with string encoding Unicode (UTF-8) 



@book{bod2004,
	Date-Added = {2012-08-17 19:36:32 +0000},
	Date-Modified = {2012-08-17 20:22:43 +0000},
	Editor = {Rens {Bod} and Jennifer {Hay} and Stefanie {Jannedy}},
	Publisher = {Cambridge, MA and London: MIT Press},
	Title = {Probabilistic Linguistics},
	Year = {2004}}

@book{hopcroft2001,
	Author = {John E. {Hopcroft} and Rajeev {Motwani} and Jeffrey D. {Ullman}},
	Date-Added = {2012-08-17 09:30:54 +0000},
	Date-Modified = {2012-08-17 09:32:50 +0000},
	Publisher = {Boston:Addison-Wesley},
	Title = {Introduction to automata theory, languages, and computation},
	Year = {2001}}

@book{koshy2004,
	Author = {Thomas {Koshy}},
	Date-Added = {2012-08-16 23:21:47 +0000},
	Date-Modified = {2012-08-16 23:24:11 +0000},
	Publisher = {Amsterdam, Boston: Elsevier Academic Press},
	Title = {Discrete Mathematics with Applications},
	Year = {2004}}

@conference{schmid1995,
	Author = {Helmut {Schmid}},
	Booktitle = {Proceedings of the ACL SIGDAT-Workshop},
	Date-Added = {2012-08-14 22:18:59 +0000},
	Date-Modified = {2012-08-14 22:19:57 +0000},
	Title = {Improvements in Part-of-Speech Tagging with an Application to German},
	Year = {1995}}

@conference{schmid1994,
	Author = {Helmut {Schmid}},
	Booktitle = {Proceedings of International Conference on New Methods in Language Processing},
	Date-Added = {2012-08-14 22:17:37 +0000},
	Date-Modified = {2012-08-14 22:18:52 +0000},
	Title = {Probabilistic Part-of-Speech Tagging Using Decision Trees},
	Year = {1994}}

@book{manning1999,
	Author = {Christopher D. {Manning} and Hinrich {Sch{\"u}tze}},
	Date-Added = {2012-08-07 22:54:14 +0000},
	Date-Modified = {2012-08-07 22:55:54 +0000},
	Publisher = {Cambridge, MA and London: MIT Press},
	Title = {Foundations of Statistical Natural Language Processing},
	Year = {1999}}

@conference{mimno2009,
	Abstract = {Computational Papyrology
David Mimno and Hanna Wallach

The arid conditions of Ptolemaic and Roman Egypt preserved a
remarkable number of papyrus documents. While these documents provide
an unparalleled window into the culture of Egypt following the
conquest of Alexander the Great, they can be difficult to work
with. The quality of preservation varies: some documents are nearly
complete while others are highly fragmentary. Furthermore, the
language and cultural context of the papyri are unfamiliar even to
scholars with a strong background in Greco-Roman antiquity. It is
therefore these oldest documents that can benefit the most from
cutting-edge text processing technologies. In this paper, we use
advanced text processing algorithms to enhance the reconstruction,
searchability and analysis of an existing online corpus of papyri.

The Duke Databank of Documentary Papyri (DDBDP) consists of over
50,000 non-literary texts, such as letters, contracts, and tax
records. The corpus is primarily in Greek, with small amounts of Latin
and Egyptian, in its Demotic and Coptic forms. Each document consists
of an XML formatted text along with a find location and an estimate of
its creation date. In most cases a papyrologist has manually entered
reconstructions for missing and unclear text, to the extent
possible. All gaps and reconstructions are marked.

We apply two techniques, developed within the natural language
processing community, to the DDBDP. The first, statistical language
modeling, has been widely used in many applications, including speech
recognition and spelling correction. Given a "context" consisting of a
short sequence of words, a statistical language model predicts the
next word in the sequence. Such models can therefore be used to
reconstruct papyri where words have been nibbled away by rodents or
otherwise destroyed. In general, the more formulaic the language, the
better the predictions. Documentary papyri frequently consist of
highly formulaic language, thereby facilitating good
predictions. Although statistical language models cannot replace the
work of trained papyrologists, they can augment papyrologists' work by
providing a broad range of hypothetical reconstructions based on
statistical patterns in the entire corpus, which is too large for any
one person can be familiar with. Furthermore, associating a
probability with each hypothetical reconstruction means that the
variability of reconstructions can be more easily explored.

The second technique, statistical topic modeling, involves clustering
words within documents into "topics" or groups of semantically related
words. Given a corpus, a statistical topic model automatically infers
the words that comprise each topic cluster, as well as the topic
clusters that occur in each document. Inference requires no human
intervention. The topic clusters inferred for the DDBDP include words
for Hellenistic rulers (Alexander, Arsinoe, Ptolemy), agricultural
products (wheat, barley, beans) and sums of money (obols,
drachmas). Topic clusters can be used to develop enhanced search
interfaces that allow researchers to find not only those documents
that contain particular query terms, but also documents that contain
semantically related terms. Additionally, topic clusters can provide a
broad semantic overview of an entire corpus and can be used to analyze
the temporal and spatial evolution and distribution of language.},
	Address = {Cambridge, MA},
	Author = {David {Mimno} and Hanna {Wallach}},
	Booktitle = {Media in Transition 6: Stone and Papyrus, Storage and Transmission},
	Date-Added = {2012-07-26 14:21:47 +0000},
	Date-Modified = {2012-07-26 14:34:33 +0000},
	Title = {Computational Papyrology (presentation)},
	Year = {2009}}

@article{turing1950,
	Author = {Alan Mathison {Turing}},
	Date-Added = {2012-07-25 17:18:18 +0000},
	Date-Modified = {2012-07-25 17:21:30 +0000},
	Journal = {Mind},
	Month = {October},
	Number = {236},
	Pages = {433-460},
	Title = {Computing Machinery and Intelligence},
	Volume = {59},
	Year = {1950}}

@url{nltkhome,
	Author = {{Natural Language Toolkit}},
	Date-Added = {2012-03-20 16:15:33 +0000},
	Date-Modified = {2012-03-20 16:20:58 +0000},
	Howpublished = {\url{http://www.nltk.org/}},
	Lastchecked = {March 20, 2012},
	Month = {March},
	Title = {Natural Language Toolkit},
	Urldate = {March 19, 2012},
	Year = {2012}}

@misc{stanfordnlpres,
	Author = {{Stanford NLP Group}},
	Date-Added = {2012-03-20 15:31:17 +0000},
	Date-Modified = {2012-03-20 15:39:18 +0000},
	Howpublished = {\url{http://www-nlp.stanford.edu/links/statnlp.html}},
	Lastchecked = {March 20, 2012},
	Month = {September},
	Title = {Statistical natural language processing and corpus-based computational linguistics: An annotated list of resources},
	Urldate = {September 10, 2011},
	Year = {2011}}

@book{fries1940,
	Author = {Charles C. {Fries}},
	Date-Added = {2012-03-06 15:35:37 +0000},
	Date-Modified = {2012-03-06 15:43:42 +0000},
	Publisher = {New York: Appleton Century Crofts},
	Title = {American English Grammar},
	Year = {1940}}

@book{turner1980,
	Author = {Eric Gardner {Turner}},
	Date-Added = {2012-02-29 13:53:16 +0000},
	Date-Modified = {2012-02-29 13:56:07 +0000},
	Edition = {2nd ed.},
	Publisher = {Oxford University Press},
	Title = {Greek Papyri: An Introduction},
	Year = {1980}}

@book{ljungvik1932,
	Author = {Herman {Ljungvik}},
	Date-Added = {2012-02-28 15:19:48 +0000},
	Date-Modified = {2012-02-28 15:25:56 +0000},
	Number = {3},
	Publisher = {Uppsala \& Leipzig: Humanistiska Vetenskaps-Samfundet},
	Series = {Skrifter utgivna av K. Humanistiska Vetenskaps-Samfundet i Uppsala},
	Title = {Beitr{\"a}ge zur Syntax der sp{\"a}tgriechischen Volkssprache.},
	Volume = {27},
	Year = {1932}}

@webpage{mahoney2000,
	Author = {Anne {Mahoney}},
	Date-Added = {2011-12-22 17:34:43 +0000},
	Date-Modified = {2011-12-22 17:44:00 +0000},
	Title = {Generalizing the Perseus XML Document Manager},
	Url = {http://ldc.upenn.edu/exploration/expl2000/papers/mahoney/mahoney.htm},
	Year = {2000},
	Bdsk-Url-1 = {http://ldc.upenn.edu/exploration/expl2000/papers/mahoney/mahoney.htm}}

@conference{van-hal2010,
	Author = {Toon {Van Hal}},
	Booktitle = {Actes de la premi{\`e}re journ{\'e}e d'{\'e}tude franco-allemande de linguistique},
	Date-Added = {2011-12-21 22:59:59 +0000},
	Date-Modified = {2011-12-21 23:02:02 +0000},
	Title = {A propos des travaux linguistiques sur corpus en grec ancien, en latin et en n{\'e}o-latin},
	Year = {2010}}

@incollection{okeeffe2010,
	Author = {Michael {McCarthy} and Anne {O'Keeffe}},
	Booktitle = {The Routledge Handbook of Corpus Linguistics},
	Date-Added = {2011-12-21 00:35:16 +0000},
	Date-Modified = {2011-12-21 01:21:58 +0000},
	Editor = {Anne {O'Keeffe} and Michael {McCarthy}},
	Publisher = {London and New York: Routledge},
	Title = {What are corpora and how have they evolved?},
	Year = {2010}}

@incollection{manolessou2011,
	Author = {Io {Manolessou} and Notis {Toufexis}},
	Booktitle = {Studies in Modern Greek Dialects and Linguistic Theory},
	Date-Added = {2011-12-20 18:43:16 +0000},
	Date-Modified = {2011-12-20 18:44:56 +0000},
	Publisher = {Nicosia: Research Centre of Kykkos Monastery},
	Title = {Corpus linguistics in historical dialectology: a case study of Cypriot},
	Year = {2011}}

@conference{dik2009,
	Author = {Helma {Dik} and Richard {Whaling}},
	Booktitle = {Digital Humanities},
	Date-Added = {2011-12-20 18:39:57 +0000},
	Date-Modified = {2011-12-20 18:40:27 +0000},
	Title = {Implementing Greek Morphology},
	Year = {2009}}

@conference{dik2008,
	Author = {Helma {Dik} and Richard {Whaling}},
	Booktitle = {Digital Humanities},
	Date-Added = {2011-12-20 18:37:33 +0000},
	Date-Modified = {2011-12-20 18:39:51 +0000},
	Title = {Bootstrapping Classical Greek Morphology},
	Year = {2008}}

@phdthesis{boschetti2009,
	Author = {Federico Boschetti},
	Date-Added = {2011-12-20 18:36:38 +0000},
	Date-Modified = {2011-12-20 18:37:17 +0000},
	School = {University of Trento},
	Title = {A Corpus-based Approach to Philological Issues},
	Year = {2009}}

@conference{dukes2011,
	Author = {Kais {Dukes} and Nizar {Habash}},
	Booktitle = {Proceedings of the 12th International Conference on Parsing Technologies},
	Date-Added = {2011-12-20 18:34:31 +0000},
	Date-Modified = {2011-12-20 18:35:13 +0000},
	Title = {One-Step Statistical Parsing of Hybrid Dependency-Constituency Syntactic Representations},
	Year = {2011}}

@incollection{toufexis2010,
	Author = {Notis {Toufexis}},
	Booktitle = {Digital Research in the Study of Classical Antiquity},
	Date-Added = {2011-12-20 18:32:22 +0000},
	Date-Modified = {2011-12-20 18:33:35 +0000},
	Editor = {Gabriel {Bodard} and Simon {Mahony}},
	Publisher = {London: Ashgate},
	Title = {One Era's Nonsense, Another's Norm: Diachronic study of Greek and the Computer},
	Year = {2010}}

@article{mandilaras1969,
	Author = {Basileios G. {Mandilaras}},
	Date-Added = {2011-12-19 14:33:45 +0000},
	Date-Modified = {2011-12-21 23:06:03 +0000},
	Journal = {Athena},
	Number = {71},
	Pages = {130-164},
	Title = {\GreekŒöŒ±ŒπŒΩ·Ω¥ ŒîŒπŒ±Œ∏ŒÆŒ∫Œ∑ Œ∫Œ±·Ω∂ œÄŒ±œÄœçœÅŒøŒπ. Œ£œÖŒ≥Œ∫œÅŒπœÑŒπŒ∫·Ω¥ ·ºêŒæŒ≠œÑŒ±œÉŒπœÇ Œ≥ŒªœâœÉœÉŒπŒ∫·ø∂ŒΩ œÑŒπŒΩ·ø∂ŒΩ œÜŒ±ŒπŒΩŒøŒºŒ≠ŒΩœâŒΩ\Latin},
	Year = {1969-70}}

@article{mandilaras1971,
	Author = {Basileios G. {Mandilaras}},
	Date-Added = {2011-12-19 14:32:12 +0000},
	Date-Modified = {2011-12-21 23:06:08 +0000},
	Journal = {EEAth},
	Number = {22},
	Pages = {256-266},
	Title = {\Greek·ºòœÄ·Ω∂ œÑ·øÜœÇ œÜœâŒΩŒ∑œÑŒπŒ∫·øÜœÇ œÑ·ø∂ŒΩ œÄŒ±œÄœçœÅœâŒΩ\Latin},
	Year = {1971-1972}}

@conference{mandilaras1974,
	Author = {Basileios G. {Mandilaras}},
	Booktitle = {Akten des XIII. Internationalen Papyrologenkongresses Marburg/Lahn 1971},
	Date-Added = {2011-12-19 14:29:12 +0000},
	Date-Modified = {2011-12-21 23:06:25 +0000},
	Pages = {251-261},
	Title = {Confusion of Aorist and Perfect in the Language of the Non-Literary Greek Papyri.},
	Year = {1974}}

@book{mandilaras1972,
	Author = {Basileios G. {Mandilaras}},
	Date-Added = {2011-12-19 14:27:18 +0000},
	Date-Modified = {2011-12-21 23:06:16 +0000},
	Publisher = {\Greek ·ºàŒ∏ŒÆŒΩŒ±: ŒûŒµŒΩœåœÄŒøœÖŒªŒøœÇ \Latin},
	Title = {Studies in the Greek Language.},
	Year = {1972}}

@article{mandilaras1967,
	Author = {Basileios G. {Mandilaras}},
	Date-Added = {2011-12-19 14:24:23 +0000},
	Date-Modified = {2011-12-21 23:06:00 +0000},
	Journal = {Athena},
	Number = {69},
	Pages = {94-116},
	Title = {\GreekŒ†Œ±œÅŒ±œÑŒ∑œÅŒÆœÉŒµŒπœÇ Œµ·º∞œÇ œÑŒø·Ω∫œÇ ·ºôŒªŒªŒ∑ŒΩŒπŒ∫Œø·Ω∫œÇ œÄŒ±œÄœçœÅŒøœÖœÇ\Latin},
	Year = {1967}}

@article{mandilaras1961,
	Author = {Basileios G. {Mandilaras}},
	Date-Added = {2011-12-19 14:21:48 +0000},
	Date-Modified = {2011-12-21 23:05:56 +0000},
	Journal = {Athena},
	Number = {65},
	Pages = {169-176; - 393},
	Title = {\Greek·ºúœÅŒµœÖŒΩŒ±Œπ Œµ·º∞œÇ œÑ·Ω¥ŒΩ Œ≥Œª·ø∂œÉœÉŒ±ŒΩ œÑ·ø∂ŒΩ Œº·Ω¥ œÜŒπŒªŒøŒªŒøŒ≥ŒπŒ∫·ø∂ŒΩ œÄŒ±œÄœçœÅœâŒΩ. Œ§ŒµŒªŒπŒ∫Œø·Ω∂ œÉœçŒΩŒ¥ŒµœÉŒºŒøŒπ ŒºŒµœÑ·æΩ ·ºÄœÄŒ±œÅŒµŒºœÜŒ¨œÑŒøœÖ\Latin},
	Year = {1961}}

@incollection{gignac1987,
	Abstract = {The "-mi" verbs in the papyri show a definite tendency toward the thematic inflection.},
	Author = {Francis Thomas {Gignac}},
	Booktitle = {Miscel.l{\`a}nia Papirol{\`o}gica Ramon Roca-Puig},
	Date-Added = {2011-12-19 14:14:16 +0000},
	Date-Modified = {2011-12-19 14:41:20 +0000},
	Pages = {133-140},
	Publisher = {Barcelona: Fundacio Salvador Vives Casajuana},
	Title = {Analogical Levelling in "-mi" Verbs},
	Year = {1987}}

@incollection{gignac1986,
	Author = {Francis Thomas {Gignac}},
	Date-Added = {2011-12-19 14:11:58 +0000},
	Date-Modified = {2011-12-19 14:13:06 +0000},
	Journal = {The Catholic Biblical Quarterly},
	Number = {48},
	Pages = {499-511},
	Title = {Morphological Phenomena in the Greek Papyri Significant for the Text and Language of the New Testament.},
	Year = {1986}}

@article{gignac1985basp,
	Author = {Francis Thomas {Gignac}},
	Date-Added = {2011-12-19 14:11:10 +0000},
	Date-Modified = {2011-12-19 14:11:35 +0000},
	Journal = {BASP},
	Number = {49-54},
	Title = {The Transformation of the Second Aorist in Koine Greek.},
	Volume = {22},
	Year = {1985}}

@article{gignac1985,
	Author = {Francis Thomas {Gignac}},
	Date-Added = {2011-12-19 14:09:54 +0000},
	Date-Modified = {2011-12-19 14:11:00 +0000},
	Journal = {YCS},
	Number = {28},
	Pages = {155-165},
	Title = {The Papyri and the Greek Language.},
	Year = {1985}}

@conference{gignac1974,
	Author = {Francis Thomas {Gignac}},
	Booktitle = {Akten des XIII. Internationalen Papyrologenkongresses Marburg/Lahn 1971},
	Date-Added = {2011-12-19 14:09:12 +0000},
	Date-Modified = {2011-12-19 14:09:33 +0000},
	Title = {Loss of Nasal Consonants in the Language of the Papyri.},
	Year = {1974}}

@article{gignac1970tapa,
	Author = {Francis Thomas {Gignac}},
	Date-Added = {2011-12-19 14:08:19 +0000},
	Date-Modified = {2011-12-19 14:08:52 +0000},
	Journal = {TAPA},
	Number = {101},
	Pages = {185-202},
	Title = {The Pronunciation of Greek Stops in the Papyri.},
	Year = {1970}}

@conference{gignac1981proc,
	Author = {Francis Thomas {Gignac}},
	Booktitle = {Proceedings of the Sixteenth International Congress of Papyrology},
	Date-Added = {2011-12-19 14:07:02 +0000},
	Date-Modified = {2011-12-19 14:07:53 +0000},
	Title = {Some Interesting Morphological Phenomena in the Language of the Papyri.},
	Year = {1981}}

@book{gignac1981,
	Author = {Francis Thomas {Gignac}},
	Date-Added = {2011-12-19 14:06:28 +0000},
	Date-Modified = {2011-12-19 14:06:42 +0000},
	Publisher = {Milano: Goliardica},
	Title = {A Grammar of the Greek Papyri of the Roman and Byzantine Periods. II. Morphology.},
	Year = {1981}}

@book{gignac1976,
	Author = {Francis Thomas {Gignac}},
	Date-Added = {2011-12-19 14:05:15 +0000},
	Date-Modified = {2011-12-19 14:06:23 +0000},
	Publisher = {Milano: Goliardica},
	Title = {A Grammar of the Greek Papyri of the Roman and Byzantine Periods. I. Phonology.},
	Year = {1976}}

@conference{gignac1970,
	Author = {Francis Thomas {Gignac}},
	Booktitle = {Proceedings of the Twelfth International Congress of Papyrology},
	Date-Added = {2011-12-19 14:01:55 +0000},
	Date-Modified = {2011-12-19 14:02:55 +0000},
	Title = {The Language of the Non-Literary Greek Papyri},
	Year = {1970}}

@book{denniston1950greek,
	Author = {John D. {Denniston} and Kenneth J. {Dover}},
	Date-Modified = {2011-12-21 23:03:56 +0000},
	Publisher = {Gerald Duckworth},
	Title = {The Greek particles},
	Year = {1950}}

@book{allan2007language,
	Author = {Allan, R. J. and Buijs, M.},
	Date-Modified = {2011-12-16 10:28:17 +0000},
	Number = {13},
	Publisher = {Brill},
	Series = {Amsterdam studies in classical philology},
	Title = {The language of literature: linguistic approaches to classical texts},
	Year = {2007}}

@book{rijksbaron2007syntax,
	Author = {Rijksbaron, A.},
	Publisher = {University of Chicago Press},
	Title = {The syntax and semantics of the verb in classical Greek: an introduction},
	Year = {2007}}

@book{bakker2009noun,
	Author = {Stephanie J. {Bakker}},
	Date-Modified = {2011-12-21 23:08:11 +0000},
	Number = {15},
	Publisher = {Brill},
	Series = {Amsterdam studies in classical philology},
	Title = {The noun phrase in ancient Greek: a functional analysis of the order and articulation of NP constituents in Herodotus},
	Year = {2009}}

@book{sicking1993two,
	Author = {Sicking, C.M.J. and Ophuijsen, J. M.},
	Date-Modified = {2011-12-16 10:30:15 +0000},
	Number = {129},
	Publisher = {E.J. Brill},
	Series = {Mnemosyne, bibliotheca classica Batava: Supplementum},
	Title = {Two studies in attic particle usage: Lysias \& Plato},
	Year = {1993}}

@book{bakker1997grammar,
	Author = {Egbert J. {Bakker}},
	Date-Modified = {2011-12-21 23:02:51 +0000},
	Number = {171},
	Publisher = {Brill},
	Series = {Mnemosyne, bibliotheca classica Batava: Supplementum},
	Title = {Grammar as interpretation: Greek literature in its linguistic contexts},
	Year = {1997}}

@book{bakker2009discourse,
	Author = {Stephanie J. {Bakker} and Gerry C. {Wakker}},
	Date-Modified = {2011-12-21 23:03:14 +0000},
	Number = {19},
	Publisher = {Brill},
	Series = {Amsterdam studies in classical philology},
	Title = {Discourse cohesion in ancient Greek},
	Year = {2009}}

@book{dover1960,
	Author = {Kenneth {Dover}},
	Date-Added = {2011-12-16 10:08:30 +0000},
	Date-Modified = {2011-12-16 10:11:17 +0000},
	Publisher = {Cambridge University Press},
	Title = {Greek Word Order},
	Year = {1960}}

@book{dik1995,
	Author = {Helma {Dik}},
	Date-Added = {2011-12-16 10:01:49 +0000},
	Date-Modified = {2011-12-16 10:02:56 +0000},
	Number = {5},
	Publisher = {Amsterdam: J. C. Gieben},
	Series = {Amsterdam Studies in Classical Philology},
	Title = {Word Order in Ancient Greek: A Pragmatic Account of Word Order Variation in Herodotus},
	Year = {1995}}

@incollection{porter2010,
	Author = {S. E. {Porter} and M. B. {O'Donnell}},
	Booktitle = {The Language of the Papyri},
	Date-Added = {2011-12-15 21:28:13 +0000},
	Date-Modified = {2011-12-15 21:34:04 +0000},
	Pages = {287-311},
	Publisher = {Oxford University Press},
	Title = {Building and Examining Linguistic Phenomena in a Corpus of Representative Papyri},
	Year = {2010}}

@incollection{wahlgren2010,
	Author = {Staffan {Wahlgren}},
	Booktitle = {The Blackwell Companion to the Ancient Greek Language},
	Date-Added = {2011-12-14 20:42:03 +0000},
	Date-Modified = {2011-12-15 21:32:51 +0000},
	Editor = {Egbert J. {Bakker}},
	Pages = {527-39},
	Publisher = {Blackwell},
	Title = {Byzantine Literature and the Classical Past},
	Year = {2010}}

@misc{xmlspec,
	Author = {W3C},
	Date-Added = {2011-11-08 15:32:08 +0000},
	Date-Modified = {2011-11-08 15:33:44 +0000},
	Howpublished = {http://www.w3.org/TR/xml/},
	Month = {November},
	Title = {{Extensible Markup Language (XML) 1.0 (Fifth Edition)}},
	Year = {2008}}

@misc{trismegistos-about,
	Author = {Trismegistos},
	Date-Added = {2011-11-01 20:49:10 +0000},
	Date-Modified = {2011-11-01 20:52:47 +0000},
	Howpublished = {http://www.trismegistos.org/about.php},
	Title = {About {Trismegistos}}}

@misc{idpbground,
	Author = {{Integrating Digital Papyrology}},
	Date-Added = {2011-11-01 20:37:20 +0000},
	Date-Modified = {2011-11-01 20:47:48 +0000},
	Howpublished = {\url{http://idp.atlantides.org/trac/idp/wiki/BackgroundAndFunding}},
	Month = {November},
	Title = {Background and Funding},
	Year = {2008}}

@book{lpapyri,
	Date-Added = {2011-10-31 15:57:13 +0000},
	Date-Modified = {2012-08-18 21:19:41 +0000},
	Editor = {Trevor V. {Evans} and Dirk D. {Obbink}},
	Publisher = {Oxford University Press},
	Title = { The Language of the Papyri},
	Year = {2010}}

@article{thumb1897,
	Author = {Albert {Thumb}},
	Date-Added = {2011-10-10 14:48:34 +0000},
	Date-Modified = {2011-12-16 09:31:27 +0000},
	Journal = {Neue Jahrb{\"u}cher f{\"u}r das klassische Altertum},
	Pages = {246-63},
	Title = {Principienfragen der \Greek ŒöŒøŒπŒΩŒÆ \Latin Forschung.},
	Volume = {17},
	Year = {1906}}

@book{thumb1901,
	Author = {Albert {Thumb}},
	Date-Added = {2011-10-10 14:47:20 +0000},
	Date-Modified = {2011-10-10 14:48:31 +0000},
	Publisher = {Strassburg: Tr{\"u}bner},
	Title = {Die griechische Sprache im Zeitalter des Hellenismus: Beitr{\"a}ge zur Geschichte und Beurteilung der KOINH.},
	Year = {1901}}

@book{humbert1930,
	Author = {Jean {Humbert}},
	Date-Added = {2011-10-10 14:21:13 +0000},
	Date-Modified = {2011-10-10 14:22:39 +0000},
	Number = {33},
	Publisher = {Paris: Champion},
	Series = {Collection linguistique publi{\'e}e par La Soci{\'e}t{\'e} de linguistique de Paris},
	Title = {La disparition du datif en grec},
	Year = {1930}}

@book{mandilaras1973,
	Author = {Basileios G. {Mandilaras}},
	Date-Added = {2011-10-10 13:22:00 +0000},
	Date-Modified = {2012-02-28 16:42:23 +0000},
	Publisher = {Athens: Hellenic Ministry of Culture and Sciences},
	Title = {The verb in the Greek non-literary papyri},
	Year = {1973}}

@book{witkowski1897,
	Author = {Stanislaus {Witkowski}},
	Date-Added = {2011-10-10 13:19:12 +0000},
	Date-Modified = {2011-10-10 13:20:46 +0000},
	Publisher = {Vienna: Universit{\"a}ts-Buchdruckerei},
	Title = {Prodromus grammaticae papyrorum graecarum aetatis Lagidarum},
	Year = {1902}}

@book{volker1903,
	Author = {Franz {V{\"o}lker}},
	Date-Added = {2011-10-10 13:15:36 +0000},
	Date-Modified = {2011-10-10 13:18:15 +0000},
	Publisher = {M{\"u}nster: Westf{\"a}lischen Vereinsdruckerei},
	Title = {Syntax der griechischen Papyri},
	Volume = {i, Der Artikel},
	Year = {1903}}

@phdthesis{volker1900,
	Author = {Franz {V{\"o}lker}},
	Date-Added = {2011-10-10 13:14:53 +0000},
	Date-Modified = {2011-10-10 13:17:03 +0000},
	School = {Universit{\"a}t Bonn},
	Title = {Papyrorum graecarum syntaxis specimen},
	Year = {1900}}

@phdthesis{serz1920,
	Author = {H. {Serz}},
	Date-Added = {2011-10-10 13:12:28 +0000},
	Date-Modified = {2011-10-10 13:14:14 +0000},
	School = {Universit{\"a}t Erlangen},
	Title = {Der Infinitiv in der griechischen Papyri der Kaiserzeit (bis Diokletian)},
	Year = {1920}}

@inbook{schubart1918,
	Author = {W. {Schubart}},
	Chapter = {"Die Sprache der Papyri, pp. 184-226)},
	Date-Added = {2011-10-10 13:02:56 +0000},
	Date-Modified = {2011-10-10 13:04:34 +0000},
	Publisher = {Berlin: Weidmann},
	Title = {Einf{\"u}hrung in die Papyruskunde},
	Year = {1918}}

@book{salonius1927,
	Author = {A. H. {Salonius}},
	Date-Added = {2011-10-10 12:59:34 +0000},
	Date-Modified = {2012-08-17 10:30:06 +0000},
	Publisher = {Akademische Buchhandlung},
	Title = {Zur Sprache der griechischen Papyrusbriefe},
	Volume = {i, Die Quellen},
	Year = {1927}}

@phdthesis{rossberg1909,
	Author = {C. {Rossberg}},
	Date-Added = {2011-10-10 12:57:22 +0000},
	Date-Modified = {2011-10-10 12:59:31 +0000},
	School = {Universit{\"a}t Jena},
	Title = {De praepositionum Graecarum in chartis Aegyptiacis Ptolemaeorum aetatis usu},
	Year = {1909}}

@book{palmer1945,
	Author = {Leonard Robert {Palmer}},
	Date-Added = {2011-10-10 12:54:07 +0000},
	Date-Modified = {2011-10-10 17:25:56 +0000},
	Publisher = {London: Oxford University Press},
	Title = {A Grammar of the post-Ptolemaic Papyri: Accidence and Word-Formation},
	Year = {1945}}

@article{palmer1934,
	Author = {Leonard Robert {Palmer}},
	Date-Added = {2011-10-10 12:51:48 +0000},
	Date-Modified = {2011-10-10 17:25:45 +0000},
	Journal = {J. Th. S.},
	Pages = {170-5},
	Title = {Prolegomena to a Grammar of the post-Ptolemaic Papyri},
	Volume = {xxxv},
	Year = {1934}}

@article{moulton1903,
	Author = {J. H. {Moulton}},
	Date-Added = {2011-10-10 12:50:44 +0000},
	Date-Modified = {2011-10-10 12:51:18 +0000},
	Journal = {The Expositor},
	Pages = {104-121},
	Title = {Notes from the Papyri},
	Volume = {vii},
	Year = {1903}}

@article{moulton1904,
	Author = {J. H. {Moulton}},
	Date-Added = {2011-10-10 12:50:01 +0000},
	Date-Modified = {2011-10-10 12:50:41 +0000},
	Journal = {C. R.},
	Pages = {106-122; 151-155},
	Title = {Grammatical Notes from Papyri},
	Volume = {xviii},
	Year = {1904}}

@article{moulton1901,
	Author = {J. H. {Moulton}},
	Date-Added = {2011-10-10 12:47:20 +0000},
	Date-Modified = {2011-10-10 12:49:59 +0000},
	Journal = {C. R.},
	Pages = {31-8; 434-442},
	Title = {Grammatical Notes from Papyri},
	Volume = {xv},
	Year = {1901}}

@book{mayser,
	Author = {Edwin {Mayser}},
	Date-Added = {2011-10-10 12:39:26 +0000},
	Date-Modified = {2011-10-10 14:44:54 +0000},
	Publisher = {Berlin, Leipzig: De Gruyter},
	Title = {Grammatik der griechischen Papyri aus der Ptolem{\"a}erzeit, mit Einschluss der gleichzeitigen Ostraka und der in {\"A}gypten verfassten Inschriften.},
	Year = {1938}}

@article{ljungvik1930,
	Author = {Herman {Ljungvik}},
	Date-Added = {2011-10-10 12:34:46 +0000},
	Date-Modified = {2011-10-10 14:29:38 +0000},
	Journal = {Eranos},
	Pages = {166-181},
	Title = {Ur papyrusbrevens spr{\aa}k},
	Volume = {xxvii},
	Year = {1929}}

@phdthesis{kuhring1906,
	Author = {Walter {Kuhring}},
	Date-Added = {2011-10-10 12:33:23 +0000},
	Date-Modified = {2011-10-10 14:27:14 +0000},
	School = {Universit{\"a}t Bonn},
	Title = {De praepositionum Graecarum in chartis Aegyptiacis usu, quaestiones selectae},
	Year = {1906}}

@article{kapsomenos1957,
	Author = {Stylianos G. {Kapsomenos}},
	Date-Added = {2011-10-10 12:30:05 +0000},
	Date-Modified = {2011-12-20 18:42:07 +0000},
	Journal = {EEThess},
	Pages = {225-372},
	Title = {\Greek·ºúœÅŒµœÖŒΩŒ±Œπ Œµ·º∞œÇ œÑ·Ω¥ŒΩ Œ≥Œª·ø∂œÉœÉŒ±ŒΩ œÑ·ø∂ŒΩ ·ºëŒªŒªŒ∑ŒΩŒπŒ∫·ø∂ŒΩ œÄŒ±œÄœçœÅœâŒΩ. Œ£ŒµŒØœÅŒ± Œ†œÅœéœÑŒ∑\Latin},
	Volume = {vii},
	Year = {1957}}

@book{kapsomenos1938,
	Author = {Stylianos G. {Kapsomenos}},
	Date-Added = {2011-10-10 12:27:07 +0000},
	Date-Modified = {2012-02-28 15:37:16 +0000},
	Publisher = {M{\"u}nchen: C. H. Beck},
	Series = {M{\"u}nchener Beitr{\"a}ge zur Papyrusforschung und antiken Rechtsgeschichte},
	Title = {Voruntersuchungen zu einer Grammatik der Papyri der nachchristlichen Zeit},
	Year = {1938}}

@phdthesis{horn1926,
	Author = {R. C. {Horn}},
	Date-Added = {2011-10-10 12:22:11 +0000},
	Date-Modified = {2011-10-10 12:24:38 +0000},
	School = {University of Pennsylvania},
	Title = {The Use of the Subjunctive and Optative Moods in the Non-Literary Papyri},
	Year = {1926}}

@phdthesis{harsing1910,
	Author = {C. {Harsing}},
	Date-Added = {2011-10-10 12:21:27 +0000},
	Date-Modified = {2011-10-10 12:22:10 +0000},
	School = {Universit{\"a}t Bonn},
	Title = {De optativi in chartis Aegyptiis usu},
	Year = {1910}}

@phdthesis{gignac1964,
	Author = {Francis Thomas {Gignac}},
	Date-Added = {2011-10-10 12:20:29 +0000},
	Date-Modified = {2011-10-10 12:21:25 +0000},
	School = {University of Oxford},
	Title = {The Language of the post-Christian Greek Papyri: Phonology and Accidence},
	Year = {1964}}

@phdthesis{dottling1920,
	Author = {Christian {D{\"o}ttling}},
	Date-Added = {2011-10-10 12:18:40 +0000},
	Date-Modified = {2011-10-10 12:20:27 +0000},
	School = {Universit{\"a}t Basel},
	Title = {Die Flexionsformen lateinischer Nomina in den griechischen Papyri und Inschriften},
	Year = {1920}}

@book{deissmann1929,
	Author = {Adolf {Deissmann}},
	Date-Added = {2011-10-10 12:13:52 +0000},
	Date-Modified = {2011-12-16 10:30:42 +0000},
	Publisher = {London: Hodder \& Stoughton},
	Title = {The N. T. in the Light of Modern Research},
	Year = {1929}}

@book{deissmann1897,
	Author = {Adolf {Deissmann}},
	Date-Added = {2011-10-10 12:11:13 +0000},
	Date-Modified = {2011-10-10 12:17:40 +0000},
	Publisher = {Marburg: N. G. Elwert},
	Title = {Neue Bibelstudien},
	Year = {1897}}

@book{cronert1903,
	Author = {Wilhelm {Cr{\"o}nert}},
	Date-Added = {2011-10-10 10:19:46 +0000},
	Date-Modified = {2011-10-10 12:17:10 +0000},
	Publisher = {Teubner: Leipzig},
	Title = {Memoria Graeca Herculanensis},
	Year = {1903}}

@inbook{brunner1993,
	Chapter = {"Ancilla to the Thesaurus Linguae Graecae"},
	Date-Modified = {2011-10-10 15:35:11 +0000},
	Editor = {Jon {Solomon}},
	Publisher = {Tucson: University of Arizona Press},
	Title = {Accessing Antiquity},
	Year = {1993}}

@book{dieterich1898,
	Author = {K. {Dieterich}},
	Date-Modified = {2011-10-10 12:17:18 +0000},
	Publisher = {Leipzig: Teubner},
	Title = {Untersuchungen zur Geschichte der griechischen Sprache von der hellenistischen Zeit bis zum 10. Jh. n. Chr.},
	Year = {1898}}

@book{deissmann1895,
	Author = {Adolf {Deissmann}},
	Date-Modified = {2011-10-10 12:13:02 +0000},
	Publisher = {Marburg: N. G. Elwert},
	Title = {Bibelstudien},
	Year = {1895}}
